<record><leader>00000cas a22000007a 4500</leader><controlfield tag="001">28283315</controlfield><controlfield tag="008">930616d1884188utnuwr n       0   a0eng d</controlfield><datafield ind1=" " ind2=" " tag="010"><subfield code="a">sn 93063896 </subfield></datafield><datafield ind1=" " ind2=" " tag="040"><subfield code="a">NYS</subfield><subfield code="b">eng</subfield><subfield code="c">NYS</subfield><subfield code="d">TGN</subfield><subfield code="d">OCLCQ</subfield><subfield code="d">OCLCF</subfield><subfield code="d">DLC</subfield></datafield><datafield ind1="0" ind2=" " tag="022"><subfield code="a">2376-6476</subfield><subfield code="2">1</subfield></datafield><datafield ind1=" " ind2=" " tag="042"><subfield code="a">msc</subfield><subfield code="a">nsdp</subfield></datafield><datafield ind1=" " ind2=" " tag="043"><subfield code="a">n-us-tn</subfield></datafield><datafield ind1="0" ind2="0" tag="050"><subfield code="a">Newspaper</subfield></datafield><datafield ind1=" " ind2="4" tag="050"><subfield code="a">AN48.R8</subfield><subfield code="b">R83</subfield></datafield><datafield ind1="0" ind2="0" tag="082"><subfield code="a">071</subfield><subfield code="2">23</subfield></datafield><datafield ind1=" " ind2="4" tag="222"><subfield code="a">The Rugby gazette and east Tennessee news</subfield><subfield code="b">(Print)</subfield></datafield><datafield ind1="0" ind2="4" tag="245"><subfield code="a">The Rugby gazette and east Tennessee news.</subfield></datafield><datafield ind1=" " ind2=" " tag="260"><subfield code="a">Rugby, Morgan Co., Tenn. :</subfield><subfield code="b">Rugby Pub. Co.,</subfield><subfield code="c">1884-</subfield></datafield><datafield ind1=" " ind2=" " tag="300"><subfield code="a">v.</subfield></datafield><datafield ind1="0" ind2=" " tag="362"><subfield code="a">Vol. 4, no. 30 (Aug. 16, 1884)-</subfield></datafield><datafield ind1=" " ind2=" " tag="500"><subfield code="a">Publishers: Rugby Pub. Co., 1884-1887; E.M. Berry, &lt;1887&gt;</subfield></datafield><datafield ind1=" " ind2=" " tag="500"><subfield code="a">Editors: J.H. Blacklock, 1884; C.S. Moore, 1885-1887; E.M. Berry, &lt;1887&gt;</subfield></datafield><datafield ind1=" " ind2=" " tag="500"><subfield code="a">"Official paper for Morgan, Scott and Fentress Counties."</subfield></datafield><datafield ind1=" " ind2=" " tag="515"><subfield code="a">Suspended: Apr. 2-June 18, 1887.</subfield></datafield><datafield ind1=" " ind2=" " tag="530"><subfield code="a">Archived issues are available in digital format from the Library of Congress Chronicling America online collection.</subfield></datafield><datafield ind1=" " ind2="0" tag="651"><subfield code="a">Rugby (Tenn.)</subfield><subfield code="v">Newspapers.</subfield></datafield><datafield ind1=" " ind2="0" tag="651"><subfield code="a">Morgan County (Tenn.)</subfield><subfield code="v">Newspapers.</subfield></datafield><datafield ind1=" " ind2="0" tag="651"><subfield code="a">Scott County (Tenn.)</subfield><subfield code="v">Newspapers.</subfield></datafield><datafield ind1=" " ind2="0" tag="651"><subfield code="a">Fentress County (Tenn.)</subfield><subfield code="v">Newspapers.</subfield></datafield><datafield ind1=" " ind2="7" tag="651"><subfield code="a">Tennessee</subfield><subfield code="z">Fentress County.</subfield><subfield code="2">fast</subfield><subfield code="0">(OCoLC)fst01220575</subfield></datafield><datafield ind1=" " ind2="7" tag="651"><subfield code="a">Tennessee</subfield><subfield code="z">Morgan County.</subfield><subfield code="2">fast</subfield><subfield code="0">(OCoLC)fst01228424</subfield></datafield><datafield ind1=" " ind2="7" tag="651"><subfield code="a">Tennessee</subfield><subfield code="z">Rugby.</subfield><subfield code="2">fast</subfield><subfield code="0">(OCoLC)fst01307447</subfield></datafield><datafield ind1=" " ind2="7" tag="651"><subfield code="a">Tennessee</subfield><subfield code="z">Scott County.</subfield><subfield code="2">fast</subfield><subfield code="0">(OCoLC)fst01228425</subfield></datafield><datafield ind1=" " ind2="7" tag="655"><subfield code="a">Newspapers.</subfield><subfield code="2">fast</subfield><subfield code="0">(OCoLC)fst01423814</subfield></datafield><datafield ind1=" " ind2=" " tag="752"><subfield code="a">United States</subfield><subfield code="b">Tennessee</subfield><subfield code="c">Morgan</subfield><subfield code="d">Rugby.</subfield></datafield><datafield ind1="0" ind2="8" tag="776"><subfield code="i">Online version:</subfield><subfield code="t">Rugby gazette and east Tennessee news</subfield><subfield code="x">2376-6484</subfield><subfield code="w">(DLC)  2014218847</subfield><subfield code="w">(OCoLC)895039834</subfield></datafield><datafield ind1="0" ind2="0" tag="780"><subfield code="t">Plateau gazette and east Tennessee news</subfield><subfield code="x">2376-6417</subfield><subfield code="w">(DLC)sn 97065159</subfield><subfield code="w">(OCoLC)37463297</subfield></datafield><datafield ind1="4" ind2="1" tag="856"><subfield code="u">http://www.loc.gov/chroniclingamerica/lccn/sn93063896/issues</subfield></datafield><datafield ind1="1" ind2=" " tag="029"><subfield code="a">AU@</subfield><subfield code="b">000020107360</subfield></datafield></record>